


@MANUAL{manual-Honeywell,
	title = "HALL EFFECT SENSING AND APPLICATION",
	organization = "Honeywell",
	address = "West Spring Street",

}

@article{Reddy-ATO,
	title={A Novel Design Method For Resolver To Digital Converter},
	author={Reddy, S Chandra Mohan and Raju, K Nagabhushan},
	journal={International Journal of Advanced Engineering and Technology},
	volume={4},
	number={2},
	pages={343--348},
	year={2012},
	publisher={Citeseer}
}

@article{semiconductor2009using,
	title={Using the Resolver Interface eTPU Function},
	author={Semiconductor, Freescale},
	journal={Freescale Semiconductor, AN3943, Rev. 0},
	year={2009}
}

@article{gabrielyan2007basics,
	title={The basics of line moir{\'e} patterns and optical speedup},
	author={Gabrielyan, Emin},
	journal={arXiv preprint physics/0703098},
	year={2007}
}

@article{vcurkovivcmeritev,
	title={Meritev hitrosti z inkrementalnim dajalnikom},
	author={{\v{C}}urkovi{\v{c}}, Milan and Hace, Ale{\v{s}} and Jezernik, Karel and Franc, Marko}
}

@book{bergelj1993osnove,
	title={Osnove meritev},
	author={Bergelj, Franc},
	year={1993},
	publisher={Fakulteta za elektrotehniko in ra{\v{c}}unalni{\v{s}}tvo}
}

@article{schmirgel2009fpga,
	title={„FPGA Based Sine-Cosine Encoder to Digital Converter using Delta-Sigma Technology “},
	author={Schmirgel, H and Krah, JO},
	journal={PCIM Power Conversion Intelligent Motion, N{\"u}rnberg},
	pages={866--871},
	year={2009}
}

@article{temperature3sendix,
	title={Sendix absolut, Multiturn Type 5868 (Shaft)/5888 (Hollow shaft), Profibus-DP},
	author={Temperature High, IP},
	journal={Signal},
	volume={3},
	pages={4}
}

@article{miljavec2009vezna,
	title={Vezna teorija elektri{\v{c}}nih strojev},
	author={Miljavec, Damijan and Jereb, Peter},
	journal={FE, Ljubljana},
	year={2009}
}

@phdthesis{pribec2014optimizacija,
	title={Optimizacija vodenja linearnega sinhronskega motorja: diplomsko delo univerzitetnega {\v{s}}tudija},
	author={Pribec, Simon Mihael},
	year={2014},
	school={SM Pribec}
}
@book{Cajhen1990regulacije,
	title={Regulacije},
	author={Cajhen, Rafael},
	publisher={Fakulteta za elektrotehniko, Ljubljana},
	year={1990}
}

@book{bobal2006digital,
	title={Digital Self-tuning Controllers: Algorithms, Implementation and Applications},
	author={Bob{\'a}l, Vladim{\'\i}r and B{\"o}hm, Joseph and Fessl, Jarom{\'\i}r and Mach{\'a}cek, Jir{\'\i}},
	year={2006},
	publisher={Springer Science \& Business Media}
}

@Misc{DesignTrends,
	author = {Motion Designs Inc.},
	title = {{Design Trends}},
	howpublished = {Dosegljivo: \url{http://www.motion-designs.com/},
	note = {[Dostopano: 6. 6. 2016]}
}

@phdthesis{yumrukccal2013dynamic,
	title={Dynamic Modeling of High Precision Servo Systems with Gear Backlash},
	author={YUMRUK{\c{C}}AL, ZAFER},
	year={2013},
	school={MIDDLE EAST TECHNICAL UNIVERSITY}
}

@Misc{LaTex,
author = {Forum},
title = {LaTex StackExchange},
howpublished = {Dosegljivo: \url{http://tex.stackexchange.com/},
note = {[Dostopano: od 1. 4. do 30.6 2016]}
}

@book{ambrovzivc1996sodobne,
title={Sodobne regulacije pogonov z izmeni{\v{c}}nimi stroji},
author={Ambro{\v{z}}i{\v{c}}, Vanja},
year={1996},
publisher={Fakulteta za elektrotehniko}
}

@article{instruments1998field,
title={Field oriented control of 3-phase ac motors},
author={Instruments, Texas},
journal={Application Note BPRA073},
year={1998}
}

@Misc{S120PowerModule,
author = {Siemens},
title = {{SINAMICS S120 Booksize Power Units}},
howpublished = {Dosegljivo: \url{https://support.industry.siemens.com/},
note = {[Dostopano: 13. 6. 2016]}
}